<?xml version='1.0' encoding='UTF-8'?>
<record xmlns="http://www.loc.gov/MARC21/slim">
  <leader>01199cam a22003011  4500</leader>
  <controlfield tag="001">2847098</controlfield>
  <controlfield tag="003">NjP</controlfield>
  <controlfield tag="005">20171020175701.0</controlfield>
  <controlfield tag="008">810902s1960    sy a          000 0 ara  </controlfield>
  <datafield tag="024" ind1="7" ind2=" ">
    <subfield code="a">princeton_aco001979</subfield>
    <subfield code="2">local</subfield>
  </datafield>
  <datafield ind1=" " ind2=" " tag="010">
    <subfield code="a">   66000232 </subfield>
  </datafield>
  <datafield ind1=" " ind2=" " tag="035">
    <subfield code="a">(CStRLIN)MAHGBIU15390-B</subfield>
  </datafield>
  <datafield ind1=" " ind2=" " tag="035">
    <subfield code="a">(MH)MHBIU15390HU</subfield>
  </datafield>
  <datafield ind1=" " ind2=" " tag="035">
    <subfield code="a">(OCoLC)07719799</subfield>
  </datafield>
  <datafield ind1=" " ind2=" " tag="035">
    <subfield code="9">CNT1962TS</subfield>
  </datafield>
  <datafield ind1=" " ind2=" " tag="040">
    <subfield code="a">MdFmN</subfield>
    <subfield code="c">MdFmN</subfield>
    <subfield code="d">OCoLC</subfield>
    <subfield code="d">MH</subfield>
    <subfield code="d">CStRLIN</subfield>
    <subfield code="d">NjP</subfield>
  </datafield>
  <datafield ind1=" " ind2="4" tag="050">
    <subfield code="a">JX1662</subfield>
    <subfield code="b">.F28</subfield>
  </datafield>
  <datafield ind1="2" ind2=" " tag="100">
    <subfield code="a">Fawq al-ʻĀdah, Samūḥī,</subfield>
    <subfield code="d">1910-</subfield>
    <subfield code="0">http://id.loc.gov/authorities/names/no94001811</subfield>
  </datafield>
  <datafield ind1="1" ind2="3" tag="245">
    <subfield code="a">al-Diblūmasiyah wa-al brutūkūl /</subfield>
    <subfield code="c">Samūḥī Fawq al-ʻĀdah.</subfield>
  </datafield>
  <datafield ind1=" " ind2=" " tag="250">
    <subfield code="a">[al-Ṭabʻah 2.].</subfield>
  </datafield>
  <datafield ind1=" " ind2=" " tag="260">
    <subfield code="a">[Damascus :</subfield>
    <subfield code="b">s.n.,</subfield>
    <subfield code="c">1960]</subfield>
  </datafield>
  <datafield ind1=" " ind2=" " tag="300">
    <subfield code="a">5, 373 p. :</subfield>
    <subfield code="b">port. ;</subfield>
    <subfield code="c">24 cm.</subfield>
  </datafield>
  <datafield ind1=" " ind2=" " tag="500">
    <subfield code="a">"Traduction du vocabulaire diplomatique": p. 340-351.</subfield>
  </datafield>
  <datafield ind1=" " ind2="0" tag="650">
    <subfield code="a">Diplomacy.</subfield>
    <subfield code="0">http://id.loc.gov/authorities/subjects/sh85038179</subfield>
  </datafield>
  <datafield ind1=" " ind2="0" tag="650">
    <subfield code="a">Diplomatic etiquette.</subfield>
    <subfield code="0">http://id.loc.gov/authorities/subjects/sh85038188</subfield>
  </datafield>
  <datafield ind1=" " ind2="0" tag="650">
    <subfield code="a">Arabic language</subfield>
    <subfield code="v">Glossaries, vocabularies, etc.</subfield>
    <subfield code="0">http://id.loc.gov/authorities/subjects/sh2007101227</subfield>
  </datafield>
  <datafield ind1=" " ind2=" " tag="948">
    <subfield code="a">jab/con</subfield>
  </datafield>
  <datafield ind1=" " ind2=" " tag="911">
    <subfield code="a">20000321</subfield>
  </datafield>
  <datafield ind1=" " ind2=" " tag="912">
    <subfield code="a">20000322033132.0</subfield>
  </datafield>
  <datafield ind1="0" ind2="0" tag="852">
    <subfield code="0">3160198</subfield>
    <subfield code="b">nec</subfield>
    <subfield code="t">1</subfield>
    <subfield code="h">JZ1670</subfield>
    <subfield code="i">.F397 1960</subfield>
  </datafield>
  <datafield ind1=" " ind2=" " tag="959">
    <subfield code="a">2009-06-30 09:02:10 -0400</subfield>
  </datafield>
</record>
